@online{Xiao2017FashionMNIST,
  author       = {Han Xiao and Kashif Rasul and Roland Vollgraf},
  title        = {Fashion-MNIST: a Novel Image Dataset for Benchmarking Machine Learning Algorithms},
  date         = {2017-08-28},
  year         = {2017},
  eprintclass  = {cs.LG},
  eprinttype   = {arXiv},
  eprint       = {cs.LG/1708.07747},
}

@misc{McCurley2019PrincipeProject1,
	title={Project 1: Manifold Learning for Fashion-MNIST Classification with Multi-Layer Perceptrons},
	author={Connor H. McCurley},
	year={2019},
}

@book{Goodfellow2016DeepLearning,
	title={Deep Learning},
	author={I. Goodfellow and Y. Bengio and A. Courville},
	publisher={MIT Press},
	note={\url{http://www.deeplearningbook.org}},
	year={2016}
}

@book{Haykin2009NeuralNetworks,
	address = {Upper Saddle River, NJ},
	author = {S. S. Haykin},
	edition = {Third},
	publisher = {Pearson Education},
	title = {Neural networks and learning machines},
	year = {2009}
}

@article{Bengio2014RepLearningReview,
	author    = {Y. Bengio and A. C. Courville and P. Vincent},
	title     = {Unsupervised Feature Learning and Deep Learning: {A} Review and New
	Perspectives},
	journal   = {CoRR},
	volume    = {abs/1206.5538},
	year      = {2012},
	url       = {http://arxiv.org/abs/1206.5538},
	archivePrefix = {arXiv},
	eprint    = {1206.5538},
	timestamp = {Mon, 13 Aug 2018 16:47:42 +0200},
	biburl    = {https://dblp.org/rec/bib/journals/corr/abs-1206-5538},
	bibsource = {dblp computer science bibliography, https://dblp.org}
}

@misc{Dai2017VariationalAutoencoder,
	title={Hidden Talents of the Variational Autoencoder},
	author={B. Dai and Y. Wang and J. Aston and G. Hua and D. Wipf},
	year={2017},
	eprint={1706.05148},
	archivePrefix={arXiv},
	primaryClass={cs.LG}
}

@incollection{Rojas1996AssociativeNetworks,
	author = {R. Rojas},
	title = {Associative Networks},
	booktitle = {Neural Networks - A Systematic Introduction},
	year = {1996},
	edition = {1st},
	publisher = {Springer-Verlag},
	address = {Berlin, New-York},
	chapter = {12},
	pages = {311--336},
} 

@misc{Kosiorek2019StackedCapsuleAutoencoders,
	title={Stacked Capsule Autoencoders},
	author={Adam R. Kosiorek and Sara Sabour and Yee Whye Teh and Geoffrey E. Hinton},
	year={2019},
	eprint={1906.06818},
	archivePrefix={arXiv},
}

%%%%%%%%%%%%%%%%%%%%%%%%%%%%%%%%%% ITL %%%%%%%%%%%%%%%%%%%%%%%%%%%%%%%%%%%%%
@book{Principe2010ITL,
	author = {Principe, Jose C.},
	title = {Information Theoretic Learning: Renyi's Entropy and Kernel Perspectives},
	year = {2010},
	isbn = {1441915699, 9781441915696},
	edition = {1st},
	publisher = {Springer Publishing Company, Incorporated},
} 

%%%%%%%%%%%%%%%%%%%%%%%%%% Applications %%%%%%%%%%%%%%%%%%%%%%%%%%%%%%%%%%%%


@book{Murphy2012Textbook,
	author = {Murphy, Kevin P.},
	title = {Machine Learning: A Probabilistic Perspective},
	year = {2012},
	publisher = {The MIT Press},
}


%%%%%%%%%%%%%%%%%%%%%%%%%%%%%%%%%% Lit Review %%%%%%%%%%%%%%%%%%%%%%%%%%%%%%%

@ARTICLE{Mensink2013KNN,
	author={T. {Mensink} and J. {Verbeek} and F. {Perronnin} and G. {Csurka}},
	journal={IEEE Transactions on Pattern Analysis and Machine Intelligence},
	title={Distance-Based Image Classification: Generalizing to New Classes at Near-Zero Cost},
	year={2013},
	volume={35},
	number={11},
	pages={2624-2637},
	month={Nov},}

@inproceedings{Sanchez2011svm,
	author = {Sanchez, J. and Perronnin, F.},
	title = {High-dimensional Signature Compression for Large-scale Image Classification},
	booktitle = {Proceedings of the 2011 IEEE Conference on Computer Vision and Pattern Recognition},
	series = {CVPR '11},
	year = {2011},
	isbn = {978-1-4577-0394-2},
	pages = {1665--1672},
	numpages = {8},
	publisher = {IEEE Computer Society},
	address = {Washington, DC, USA},
}

@INPROCEEDINGS{Lin2011svm,
	author={Y. {Lin} and F. {Lv} and S. {Zhu} and M. {Yang} and T. {Cour} and K. {Yu} and L. {Cao} and T. {Huang}},
	booktitle={CVPR 2011},
	title={Large-scale image classification: Fast feature extraction and SVM training},
	year={2011},
	volume={},
	number={},
	pages={1689-1696},
	month={June},}

@misc{Shao2019DictionaryLearning,
	title={Label Embedded Dictionary Learning for Image Classification},
	author={Shuai Shao and Yan-Jiang Wang and Bao-Di Liu and Weifeng Liu and Rui Xu},
	year={2019},
	eprint={1903.03087},
	archivePrefix={arXiv},
}

@book{Timofte2013NaiveBayes,
	author={R.Timofte and T. Tuytelaars and L. van Gool},
	booktitle={Naive Bayes Image Classification: Beyond Nearest Neighbors},
	year={2013},
}

@inproceedings{Swaroop2016TemplateMatching,
	title={An Overview of Various Template Matching Methodologies in Image Processing},
	author={P. R. S. Swaroop and Neelam Sharma},
	year={2016}
}

@article{Nurwauziyah2018DecisionTree,
	author = {Nurwauziyah, Iva and Sulistyah, Umroh and Gede, I and Putra, I Gede Brawiswa and Firdaus, Muhammad},
	year = {2018},
	month = {07},
	title = {Satellite Image Classification using Decision Tree, SVM and k-Nearest Neighbor}
}
@inproceedings{Driss2017MLPandCNN,
	title={A comparison study between MLP and convolutional neural network models for character recognition},
	author={S. Ben Driss and Mahmoud Soua and Rostom Kachouri and Mohamed Akil},
	booktitle={Commercial + Scientific Sensing and Imaging},
	year={2017}
}

@article{Prasad2015Review,
	title={Techniques in Image Classification; A Survey},
	author={S.V.S. Prasad and T. S. Savithri and I. V. M Krishna},
	year={2015},
	volume={15}
}

@article{Lu2007Review,
	author = {Lu, Dengsheng and Weng, Qihao},
	year = {2007},
	month = {03},
	pages = {823 - 870},
	title = {A Survey of Image Classification Methods and Techniques for Improving Classification Performance},
	volume = {28},
	journal = {International Journal of Remote Sensing},
}

