@online{Xiao2017FashionMNIST,
  author       = {Han Xiao and Kashif Rasul and Roland Vollgraf},
  title        = {Fashion-MNIST: a Novel Image Dataset for Benchmarking Machine Learning Algorithms},
  date         = {2017-08-28},
  year         = {2017},
  eprintclass  = {cs.LG},
  eprinttype   = {arXiv},
  eprint       = {cs.LG/1708.07747},
}

%Isomap
@article {Tenenbaum2000Isomap,
	author = {J. B. Tenenbaum and V. Silva and J. C. Langford},
	title = {A Global Geometric Framework for Nonlinear Dimensionality Reduction},
	volume = {290},
	number = {5500},
	pages = {2319--2323},
	year = {2000},
	doi = {10.1126/science.290.5500.2319},
	publisher = {American Association for the Advancement of Science},
	issn = {0036-8075},
	URL = {https://science.sciencemag.org/content/290/5500/2319},
	eprint = {https://science.sciencemag.org/content/290/5500/2319.full.pdf},
	journal = {Science}
}

%LLE
@article {Roweis2000LLE,
	author = {S. T. Roweis and L. K. Saul},
	title = {Nonlinear Dimensionality Reduction by Locally Linear Embedding},
	volume = {290},
	number = {5500},
	pages = {2323--2326},
	year = {2000},
	doi = {10.1126/science.290.5500.2323},
	publisher = {American Association for the Advancement of Science},
	issn = {0036-8075},
	URL = {https://science.sciencemag.org/content/290/5500/2323},
	eprint = {https://science.sciencemag.org/content/290/5500/2323.full.pdf},
	journal = {Science}
}

@article{Saul2001LLEIntro,
	author = {L. K. Saul and S. T. Roweis},
	year = {2001},
	month = {01},
	pages = {},
	title = {An introduction to locally linear embedding},
	volume = {7},
	journal = {Journal of Machine Learning Research}
}

%Laplacian Eigenmaps
@article{Belkin2003LaplacianEigenmaps,
	author = {M. Belkin and P. Niyogi},
	title = {Laplacian Eigenmaps for Dimensionality Reduction and Data Representation},
	journal = {Neural Computation},
	volume = {15},
	number = {6},
	pages = {1373-1396},
	year = {2003},
	doi = {10.1162/089976603321780317},
}

%GTM
@article{Bishop1998GTM,
	author = {C. Bishop and M. Svens√©n and C. K. I. Williams},
	title = {GTM: The Generative Topographic Mapping},
	year = {1998},
	month = {January},
	url = {https://www.microsoft.com/en-us/research/publication/gtm-the-generative-topographic-mapping/},
	pages = {215-234},
	volume = {10},
	edition = {Neural Computation},
}

%Diffusion Maps
@article{Delaporte2008DiffusionMaps,
	title={An introduction to diffusion maps},
	author={J. Delaporte and B. M. Herbst and W. Hereman and S. Van der Walt},
	year={2008}
	journal = {Proceedings of the 19th Symposium of the Pattern Recognition Association of South Africa (PRASA 2008)}
}

@ARTICLE{Kohonen1990SOM, 
	author={T. Kohonen}, 
	journal={Proceedings of the IEEE}, 
	title={The self-organizing map}, 
	year={1990}, 
	volume={78}, 
	number={9}, 
	pages={1464-1480}, 
	doi={10.1109/5.58325}, 
	ISSN={0018-9219}, 
	month={Sep.},}

@inproceedings{Fritzke1995GrowingNeuralGas,
	author = {B. Fritzke},
	title = {A Growing Neural Gas Network Learns Topologies},
	booktitle = {Proceedings of the 7th International Conference on Neural Information Processing Systems},
	series = {NIPS'94},
	year = {1994},
	location = {Denver, Colorado},
	pages = {625--632},
	numpages = {8},
	url = {http://dl.acm.org/citation.cfm?id=2998687.2998765},
	acmid = {2998765},
	publisher = {MIT Press},
	address = {Cambridge, MA, USA},
}

@ARTICLE{Palomo2017GHNG, 
	author={E. J. {Palomo} and E. {Lopez-Rubio}}, 
	journal={IEEE Transactions on Neural Networks and Learning Systems}, 
	title={The Growing Hierarchical Neural Gas Self-Organizing Neural Network}, 
	year={2017}, 
	volume={28}, 
	number={9}, 
	pages={2000-2009}, 
	doi={10.1109/TNNLS.2016.2570124}, 
	ISSN={2162-237X}, 
	month={Sep.},}

@book{Goodfellow2016DeepLearning,
	title={Deep Learning},
	author={I. Goodfellow and Y. Bengio and A. Courville},
	publisher={MIT Press},
	note={\url{http://www.deeplearningbook.org}},
	year={2016}
}

@book{Haykin2009NeuralNetworks,
	address = {Upper Saddle River, NJ},
	author = {S. S. Haykin},
	edition = {Third},
	publisher = {Pearson Education},
	title = {Neural networks and learning machines},
	year = {2009}
}

@inproceedings{Sugiyama2006FDASupDimRed,
	author = {M. Sugiyama},
	title = {Local Fisher Discriminant Analysis for Supervised Dimensionality Reduction},
	booktitle = {Proceedings of the 23rd International Conference on Machine Learning},
	series = {ICML '06},
	year = {2006},
	isbn = {1-59593-383-2},
	location = {Pittsburgh, Pennsylvania, USA},
	pages = {905--912},
	numpages = {8},
	doi = {10.1145/1143844.1143958},
	acmid = {1143958},
	publisher = {ACM},
	address = {New York, NY, USA},
}

@inproceedings{vanDerMaaten2008tSNE,
	title={Visualizing Data using t-SNE},
	author={Laurens van der Maaten and Geoffrey E. Hinton},
	year={2008}
}

@article{McInnes2018UMAP,
	title={UMAP: Uniform Manifold Approximation and Projection for Dimension Reduction},
	author={Leland McInnes and John Healy},
	journal={ArXiv},
	year={2018},
	volume={abs/1802.03426}
}

@Article{Tipping1999PPCA,
	author = {M. E. Tipping and C. Bishop},
	title = {Probabilistic Principal Component Analysis},
	year = {1999},
	month = {January},
	url = {https://www.microsoft.com/en-us/research/publication/probabilistic-principal-component-analysis/},
	pages = {611-622},
	journal = {Journal of the Royal Statistical Society, Series B},
	volume = {21},
	number = {3},
}

@inproceedings{VanDerMaaten2009DRReview,
	title={Dimensionality Reduction: A Comparative Review},
	author={Laurens van der Maaten and Eric O. Postma and Jaap van den Herik},
	year={2009}
}

@article{Jindal2017ReviewDRTechniques,
	author = {P. Jindal and D. Kumar},
	year = {2017},
	month = {09},
	pages = {},
	title = {A Review on Dimensionality Reduction Techniques},
	volume = {173},
	journal = {International Journal of Computer Applications}
	number = {2}
}

@article{Bengio2014RepLearningReview,
	author    = {Y. Bengio and A. C. Courville and P. Vincent},
	title     = {Unsupervised Feature Learning and Deep Learning: {A} Review and New
	Perspectives},
	journal   = {CoRR},
	volume    = {abs/1206.5538},
	year      = {2012},
	url       = {http://arxiv.org/abs/1206.5538},
	archivePrefix = {arXiv},
	eprint    = {1206.5538},
	timestamp = {Mon, 13 Aug 2018 16:47:42 +0200},
	biburl    = {https://dblp.org/rec/bib/journals/corr/abs-1206-5538},
	bibsource = {dblp computer science bibliography, https://dblp.org}
}

